<record><leader>00000cas a2200000 a 4500</leader><controlfield tag="001">1379157</controlfield><controlfield tag="008">750609d19251958fludr ne      0    0eng c</controlfield><datafield ind1=" " ind2=" " tag="010"><subfield code="a">sn 96027160 </subfield></datafield><datafield ind1=" " ind2=" " tag="040"><subfield code="a">FUL</subfield><subfield code="b">eng</subfield><subfield code="c">FUL</subfield><subfield code="d">FUG</subfield><subfield code="d">OCLCQ</subfield><subfield code="d">OCLCF</subfield><subfield code="d">OCLCO</subfield></datafield><datafield ind1=" " ind2=" " tag="012"><subfield code="i">9602</subfield></datafield><datafield ind1="1" ind2=" " tag="029"><subfield code="a">AU@</subfield><subfield code="b">000025919315</subfield></datafield><datafield ind1=" " ind2=" " tag="042"><subfield code="a">pcc</subfield></datafield><datafield ind1=" " ind2=" " tag="043"><subfield code="a">n-us-fl</subfield></datafield><datafield ind1="0" ind2="0" tag="245"><subfield code="a">Ft. Lauderdale daily news and evening sentinel.</subfield></datafield><datafield ind1="1" ind2=" " tag="246"><subfield code="i">Later published as:</subfield><subfield code="a">Fort Lauderdale daily news and evening sentinel</subfield></datafield><datafield ind1="1" ind2=" " tag="246"><subfield code="i">Issued from 1953-1958 as:</subfield><subfield code="a">Fort Lauderdale daily news and sentinel</subfield></datafield><datafield ind1="1" ind2=" " tag="246"><subfield code="i">Issued on Sunday as:</subfield><subfield code="a">Fort Lauderdale Sunday news and sentinel</subfield></datafield><datafield ind1="1" ind2="3" tag="246"><subfield code="a">Ft. Lauderdale daily news</subfield></datafield><datafield ind1=" " ind2=" " tag="260"><subfield code="a">Fort Lauderdale, Fla. :</subfield><subfield code="b">Sentinel Co.,</subfield><subfield code="c">1925-1958.</subfield></datafield><datafield ind1=" " ind2=" " tag="300"><subfield code="a">v.</subfield></datafield><datafield ind1=" " ind2=" " tag="310"><subfield code="a">Daily,</subfield><subfield code="b">-1953</subfield></datafield><datafield ind1=" " ind2=" " tag="321"><subfield code="a">Daily (except Sunday),</subfield><subfield code="b">1925-</subfield></datafield><datafield ind1="0" ind2=" " tag="362"><subfield code="a">Vol. 14, no. 215 (May 19, 1925)- ; -49th year, no. 21 (Sept. 30, 1958).</subfield></datafield><datafield ind1=" " ind2=" " tag="500"><subfield code="a">Publishers: W.J. Galvin, &lt;1925&gt;; The Gore Pub. Co., &lt;1946&gt;.</subfield></datafield><datafield ind1=" " ind2="0" tag="651"><subfield code="a">Fort Lauderdale (Fla.)</subfield><subfield code="v">Newspapers.</subfield></datafield><datafield ind1=" " ind2="0" tag="651"><subfield code="a">Broward County (Fla.)</subfield><subfield code="v">Newspapers.</subfield></datafield><datafield ind1=" " ind2="7" tag="655"><subfield code="a">Newspapers.</subfield><subfield code="2">fast</subfield><subfield code="0">(OCoLC)fst01423814</subfield></datafield><datafield ind1=" " ind2="7" tag="651"><subfield code="a">Florida</subfield><subfield code="z">Broward County.</subfield><subfield code="2">fast</subfield><subfield code="0">(OCoLC)fst01202766</subfield></datafield><datafield ind1=" " ind2="7" tag="651"><subfield code="a">Florida</subfield><subfield code="z">Fort Lauderdale.</subfield><subfield code="2">fast</subfield><subfield code="0">(OCoLC)fst01206921</subfield></datafield><datafield ind1=" " ind2=" " tag="752"><subfield code="a">United States</subfield><subfield code="b">Florida</subfield><subfield code="c">Broward</subfield><subfield code="d">Fort Lauderdale.</subfield></datafield><datafield ind1="0" ind2="0" tag="780"><subfield code="t">Evening sentinel (Fort Lauderdale, Fla.)</subfield><subfield code="w">(DLC)sn 96027159</subfield><subfield code="w">(OCoLC)34199867</subfield></datafield><datafield ind1="0" ind2="0" tag="785"><subfield code="t">Fort Lauderdale news and sentinel</subfield><subfield code="w">(DLC)sn 96027161</subfield><subfield code="w">(OCoLC)34199921</subfield></datafield><datafield ind1=" " ind2=" " tag="850"><subfield code="a">FU</subfield></datafield></record>